@inproceedings{zhu2017unpaired,
  title={Unpaired image-to-image translation using cycle-consistent adversarial networks},
  author={Zhu, Jun-Yan and Park, Taesung and Isola, Phillip and Efros, Alexei A},
  booktitle={Proceedings of the IEEE international conference on computer vision},
  pages={2223--2232},
  year={2017}
}

@misc{CycleGANcode,
  author={Aladdin Persson},
  title = {A clean, simple and readable implementation of CycleGAN in PyTorch},
  howpublished = {\url{https://github.com/aladdinpersson/Machine-Learning-Collection/tree/master/ML/Pytorch/GANs/CycleGAN}},
  note = {Accessed: 2023-11-10},
}

@misc{richter2016playing,
      title={Playing for Data: Ground Truth from Computer Games}, 
      author={Stephan R. Richter and Vibhav Vineet and Stefan Roth and Vladlen Koltun},
      year={2016},
      eprint={1608.02192},
      archivePrefix={arXiv},
      primaryClass={cs.CV}
}

@inproceedings{cordts2016cityscapes,
  title={The cityscapes dataset for semantic urban scene understanding},
  author={Cordts, Marius and Omran, Mohamed and Ramos, Sebastian and Rehfeld, Timo and Enzweiler, Markus and Benenson, Rodrigo and Franke, Uwe and Roth, Stefan and Schiele, Bernt},
  booktitle={Proceedings of the IEEE conference on computer vision and pattern recognition},
  pages={3213--3223},
  year={2016}
}

@inproceedings{almahairi2018augmented,
  title={Augmented cyclegan: Learning many-to-many mappings from unpaired data},
  author={Almahairi, Amjad and Rajeshwar, Sai and Sordoni, Alessandro and Bachman, Philip and Courville, Aaron},
  booktitle={International conference on machine learning},
  pages={195--204},
  year={2018},
  organization={PMLR}
}

@article{2017Rethinking,
  title={Rethinking Atrous Convolution for Semantic Image Segmentation},
  author={ Chen, Liang Chieh  and  Papandreou, George  and  Schroff, Florian  and  Adam, Hartwig },
  year={2017},
}

@misc{Deeplab,
  author={jfzhang95},
  title = {pytorch-deeplab-xception},
  howpublished = {\url{https://github.com/jfzhang95/pytorch-deeplab-xception/tree/master}},
  note = {Accessed: 2023-11-10},
}
